@techreport{hardt-d-2012-a,
  author={D. Hardt, Ed.},
  title={The {OA}uth 2.0 {A}uthorization {F}ramework},
  institution={IETF},
  year={2012},
  type={Technical Report},
  note={http://tools.ietf.org/html/draft-ietf-oauth-v2-31}
}

@inproceedings{recordon2006openid,
  title={{OpenID 2.0}: a platform for user-centric identity management},
  author={Recordon, D. and Reed, D.},
  booktitle={Proceedings of the second ACM workshop on Digital identity management},
  pages={11--16},
  year={2006},
  organization={ACM}
}

@techreport{careerbuilder2009,
    title={{If You're Applying for a Job, Censor Your Facebook Page}},
    author={Eaton, K.},
    year={2009},
    note={http://www.fastcompany.com/1334113/if-youre-applying-job-censor-your-facebook-page}
}

@techreport{browserid,
  title={{Verified Email Protocol}},
  author={Mozilla Team},
  year={2012},
  note={https://wiki.mozilla.org/Identity/Verified\_Email\_Protocol}
}

@article{rosenblum2007, 
author={Rosenblum, D.}, 
journal={Security Privacy, IEEE},
title={{What Anyone Can Know: The Privacy Risks of Social Networking Sites}},
year={2007}, 
volume={5}, 
number={3}, 
pages={40-49},
}

@article{viegas2005bloggers,
  title={Bloggers' expectations of privacy and accountability: An initial survey},
  author={Vi{\'e}gas, Fernanda B},
  journal={Journal of Computer-Mediated Communication},
  volume={10},
  number={3},
  pages={00--00},
  year={2005},
  publisher={Wiley Online Library}
}

@inproceedings{mannan2008privacy,
  title={Privacy-enhanced sharing of personal content on the web},
  author={Mannan, Mohammad and van Oorschot, Paul C},
  booktitle={Proceedings of the 17th international conference on World Wide Web},
  pages={487--496},
  year={2008},
  organization={ACM}
}

@inproceedings{woo1998designing,
  title={Designing a distributed authorization service},
  author={Woo, Thomas YC and Lam, Simon S},
  booktitle={INFOCOM'98. Seventeenth Annual Joint Conference of the IEEE Computer and Communications Societies. Proceedings. IEEE},
  volume={2},
  pages={419--429},
  year={1998},
  organization={IEEE}
}

@article{samarati2001access,
  title={{Access control: Policies, models, and mechanisms}},
  author={Samarati, Pierangela and de Vimercati, Sabrina},
  journal={Foundations of Security Analysis and Design},
  pages={137--196},
  year={2001},
  publisher={Springer}
}

@article{lampson1974protection,
  title={Protection},
  author={Lampson, Butler W},
  journal={ACM SIGOPS Operating Systems Review},
  volume={8},
  number={1},
  pages={18--24},
  year={1974},
  publisher={ACM}
}

@article{qian1996mac,
  title={{A MAC policy framework for multilevel relational databases}},
  author={Qian, Xiaolei and Lunt, Teresa F.},
  journal={Knowledge and Data Engineering, IEEE Transactions},
  volume={8},
  number={1},
  pages={3--15},
  year={1996},
  publisher={IEEE}
}

@article{ferraiolo2001proposed,
  title={{Proposed NIST standard for role-based access control}},
  author={Ferraiolo, David F and Sandhu, Ravi and Gavrila, Serban and Kuhn, D Richard and Chandramouli, Ramaswamy},
  journal={ACM Transactions on Information and System Security (TISSEC)},
  volume={4},
  number={3},
  pages={224--274},
  year={2001},
  publisher={ACM}
}

@inproceedings{hollenbach2009using,
  title={{Using RDF metadata to enable access control on the social semantic web}},
  author={Hollenbach, James and Presbrey, Joe and Berners-Lee, Tim},
  booktitle={Proceedings of the Workshop on Collaborative Construction, Management and Linking of Structured Knowledge (CK2009)},
  volume={514},
  year={2009}
}

@article{kagal2011gasping,
  title={{Gasping for AIR Why we need Linked Rules and Justifications on the Semantic Web}},
  author={Kagal, Lalana and Jacobi, Ian and Khandelwal, Ankesh},
  year={2011}
}

@inproceedings{villata2011social,
  title={{Social Semantic Web Access Control}},
  author={Villata, Serena and Delaforge, Nicolas and Gandon, Fabien and Gyrard, Amelie},
  booktitle={Procs of the 4th International Workshop Social Data on the Web, SDoW2011},
  year={2011}
}

@techreport{foaf,
  title={{FOAF} vocabulary specification},
  author={Brickley, D. and Miller, L.},
  year={2009},
  note={http://xmlns.com/foaf/spec/}
}

@article{ellison2007social,
  title={{Social network sites: Definition, history, and scholarship}},
  author={Ellison, Nicole B and others},
  journal={Journal of Computer-Mediated Communication},
  volume={13},
  number={1},
  pages={210--230},
  year={2007},
  publisher={Wiley Online Library}
}

@article{berners1999weaving,
  title={{Weaving The Web: The Original Design and Ulitmate Destiny of The World Wide Web By Its Inventor}},
  author={Berners-Lee, Tim and Fischetti, Mark and Dertouzos, TM},
  journal={Harper Collins Publishers Inc},
  year={1999},
  publisher={sl]:[sn]}
}

@article{allen1999tls,
  title={{The TLS protocol version 1.0}},
  author={Allen, Christopher and Dierks, Tim},
  year={1999}
}


@misc{sakimura2011openid,
  title={{OpenID} connect standard 1.0},
  author={Sakimura, N and others},
  year={2011},
  publisher={September},
  organization={IETF}
}

@article{hammer2011oauth,
  title={The {OAuth} 2.0 authorization protocol},
  author={Hammer-Lahav, E and Recordon, D and Hardt, D},
  journal={Network Working Group Internet-Draft},
  year={2011},
  organization={IETF}
}

@article{chappell2006introducing,
  title={Introducing windows cardspace},
  author={Chappell, David and others},
  journal={MSDN. April},
  year={2006}
}

@article{cameron2005laws,
  title={The laws of identity},
  author={Cameron, Kim},
  journal={Microsoft Corp},
  year={2005}
}

@article{alrodhan2009improving,
  title={Improving the security of cardspace},
  author={Alrodhan, Waleed A and Mitchell, Chris J},
  journal={EURASIP Journal on Information Security},
  volume={2009},
  pages={1},
  year={2009},
  publisher={Hindawi Publishing Corp.}
}

@article{prud2008sparql,
  title={{SPARQL query language for RDF}},
  author={Prud'Hommeaux, Eric and Seaborne, Andy and others},
  journal={W3C recommendation},
  volume={15},
  year={2008},
  note={http://www.w3.org/TR/2008/REC-rdf-sparql-query-20080115/}
}

@incollection{gajek2009risks,
  title={{Risks of the CardSpace protocol}},
  author={Gajek, Sebastian and Schwenk, J{\"o}rg and Steiner, Michael and Xuan, Chen},
  booktitle={Information Security},
  pages={278--293},
  year={2009},
  publisher={Springer}
}

@article{leenes2008prime,
  title={{PRIME} white paper},
  author={Leenes, Ronald and Schallab{\"o}ck, Jan and Hansen, Marit},
  journal={PRIME (Privacy and Identity Management for Europe), White Paper},
  year={2008}
}

@article{paci2009interoperable,
  title={An interoperable approach to multifactor identity verification},
  author={Paci, Federica and Ferrini, Rodolfo and Musci, Andrea and Steuer, Kevin and Bertino, Elisa},
  journal={Computer},
  volume={42},
  number={5},
  pages={50--57},
  year={2009},
  publisher={IEEE}
}

@article{paci2009overview,
  title={{An Overview of VeryIDX-A Privacy-Preserving Digital Identity Management System for Mobile Devices}},
  author={Paci, Federica and Bertino, Elisa and Kerr, Sam and Squicciarini, Anna and Woo, Jungha},
  journal={Journal of Software},
  volume={4},
  number={7},
  pages={696--706},
  year={2009}
}

@techreport{berners1995hypertext,
  title={Hypertext markup language-2.0},
  author={Berners-Lee, Tim and Connolly, Dan},
  year={1995},
  institution={RFC 1866, November}
}

@misc{berners1998uniform,
  title={Uniform resource identifiers {(URI)}: generic syntax},
  author={Berners-Lee, Tim and Fielding, Roy and Masinter, Larry},
  year={1998},
  publisher={RFC 2396, August},
  note={http://www.ietf.org/rfc/rfc3986.txt}
}

@misc{berners1996hypertext,
  title={Hypertext transfer protocol--{HTTP}/1.0},
  author={Berners-Lee, Tim and Fielding, Roy and Frystyk, Henrik},
  year={1996},
  publisher={May}
}

@article{beckett2008turtle,
  title={Turtle-terse {RDF} triple language},
  author={Beckett, David and Berners-Lee, Tim},
  journal={W3C Team Submission},
  volume={14},
  year={2008}
}

@article{klyne2004resource,
  title={Resource description framework {(RDF)}: Concepts and abstract syntax},
  author={Klyne, Graham and Carroll, Jeremy J and McBride, Brian},
  journal={W3C recommendation},
  volume={10},
  year={2004}
}


@article{breslin2005towards,
  title={Towards semantically-interlinked online communities},
  author={Breslin, J.G. and Harth, A. and Bojars, U. and Decker, S.},
  journal={The Semantic Web: Research and Applications},
  pages={500--514},
  year={2005},
  publisher={Springer}
}

@techreport{dumbill2012doap,
  title={{DOAP: Description of a Project}},
  author={Dumbill, E},
  year={2012},
  note={http://trac.usefulinc.com/doap}
}

@article{dahl2013web,
  title={{Web Cryptography API}},
  author={Dahl, David and Sleevi, Ryan},
  journal={World Wide Web Consortium, Working Draft WD-WebCryptoAPI-20130108},
  year={2013}
}

@techreport{dierks2008transport,
  title={{The transport layer security (TLS) protocol version 1.2}},
  author={Dierks, Tim},
  year={2008},
  note={http://tools.ietf.org/html/rfc5246}
}

@techreport{solo1999internet,
  title={{Internet X. 509 public key infrastructure certificate and CRL profile}},
  author={Solo, David and Housley, Russell and Ford, Warwick},
  year={1999},
  note={http://tools.ietf.org/html/rfc2459}
}

@article{adida2012rdfa,
  title={{RDFa Core 1.1: Syntax and processing rules for embedding RDF through attributes}},
  author={Adida, B and Birbeck, M and McCarron, S and Herman, I},
  journal={W3C Recommendation, June},
  year={2012},
  note={http://www.w3.org/TR/2012/REC-rdfa-core-20120607/}
}

@article{beckett2004rdf,
  title={{RDF/XML syntax specification (revised)}},
  author={Beckett, Dave and McBride, Brian},
  journal={W3C recommendation},
  volume={10},
  year={2004},
  note={http://www.w3.org/TR/2004/REC-rdf-syntax-grammar-20040210/}
}

@article{hoffman2012dns,
  title={{The DNS-Based Authentication of Named Entities (DANE) Protocol for Transport Layer Security (TLS)}},
  author={Hoffman, P and Schlyter, J},
  journal={draft-ietf-dane-protocol-19 (work in progress)},
  year={2012}
}

@article{koch2003gnu,
  title={The {GNU} privacy guard},
  author={Koch, Werner and others},
  journal={Computer software.},
  year={2003},
  note={http://www.gnupg.org}
}

@inproceedings{ateniese2001new,
  title={{A new approach to DNS security (DNSSEC)}},
  author={Ateniese, Giuseppe and Mangard, Stefan},
  booktitle={Proceedings of the 8th ACM conference on Computer and Communications Security},
  pages={86--95},
  year={2001},
  organization={ACM}
}

@techreport{sporny2013keys,
  title={{Web Keys 1.0 - Draft Community Group Specification}},
  author={Sporny, Manu},
  year={2013},
  note={https://payswarm.com/specs/source/web-keys/}
}

@article{sporny2013json,
  title={{JSON-LD 1.0--A JSON-based Serialization for Linked Data}},
  author={Sporny, M and Kellogg, G and Lanthaler, M},
  journal={W3C Editor's Draft},
  year={2013},
  note={http://json-ld.org/spec/latest/}
}

@article{pub2001197,
  title={{197: Advanced encryption standard (AES)}},
  author={Pub, NIST FIPS},
  journal={Federal Information Processing Standards Publication},
  volume={197},
  pages={441--0311},
  year={2001}
}

@article{hallam2001security,
  title={{Security Assertions Markup Language}},
  author={Hallam-Baker, Phillip},
  journal={May},
  volume={14},
  pages={1--24},
  year={2001}
}

@article{cantor2005saml,
  title={{SAML 2.0 Single Sign-On with Constrained Delegation}},
  author={Cantor, Scott},
  journal={Working Draft},
  volume={1},
  number={1},
  year={2005}
}

@article{maler2005security,
  title={{Security and Privacy Considerations for the OASIS Security Assertion Markup Language (SAML) V2. 0}},
  author={Maler, Eve and Cahill, Conor P and Hughes, AOL John and Origin, Atos and Beach, Michael and Metz, Boeing Rebekah and Hamilton, Booz Allen and Randall, Rick and Wisniewski, Thomas and Reid, Entrust Irving and others},
  journal={Language (SAML)},
  volume={2},
  pages={0},
  year={2005}
}

@article{camp2007reliable,
  title={Reliable, usable signaling to defeat masquerade attacks},
  author={Camp, L Jean},
  journal={ISJLP},
  volume={3},
  pages={211},
  year={2007},
  publisher={HeinOnline}
}

@article{arnbak2012certificate,
  title={{Certificate Authority Collapse: Regulating the Weakest Link in the HTTPS Value Chain}},
  author={Arnbak, Axel and Van Eijk, Nico},
  journal={Available at SSRN 2031409},
  year={2012}
}

@article{sohr2008analyzing,
  title={Analyzing and managing role-based access control policies},
  author={Sohr, Karsten and Drouineaud, Michael and Ahn, G-J and Gogolla, Martin},
  journal={Knowledge and Data Engineering, IEEE Transactions},
  volume={20},
  number={7},
  pages={924--939},
  year={2008},
  publisher={IEEE}
}

@article{standard2010extensible,
  title={{eXtensible Access Control Markup Language Core Specification Version 2.0}},
  author={Standard, OASIS},
  journal={Available from Web: http://docs. oasis-open. org/xacml/3.0/xacml-3.0-core-spec-cs-01-en. pdf},
  year={2010}
}

@article{joshi2004access,
  title={Access-control language for multidomain environments},
  author={Joshi, James BD},
  journal={Internet Computing, IEEE},
  volume={8},
  number={6},
  pages={40--50},
  year={2004},
  publisher={IEEE}
}

@incollection{wu2006ontology,
  title={Ontology-based {RBAC} specification for interoperation in distributed environment},
  author={Wu, Di and Chen, Xiyuan and Lin, Jian and Zhu, Miaoliang},
  booktitle={The Semantic Web--ASWC 2006},
  pages={179--190},
  year={2006},
  publisher={Springer}
}

@article{mayer2011not,
  title={Do not track: A universal third-party web tracking opt out},
  author={Mayer, J and Narayanan, A and Stamm, S},
  journal={IETF Request for Comments},
  pages={1--12},
  year={2011}
}

@article{connolly1999entity,
  title={An entity header for linked resources},
  author={Connolly, D and Hickson, I},
  journal={Expired IETF document draft-connolly-link-header-01.},
  year={1999},
  note={http://www.w3.org/Protocols/9707-link-header.html}
}

@article{berners2000primer,
  title={{Primer: Getting into RDF \& Semantic Web using N3}},
  author={Berners-Lee, Tim and Connolly, Dan and Hawke, Sandro},
  journal={World Wide Web Consortium},
  pages={16},
  year={2000}
}

@article{berners2008n3logic,
  title={{N3logic}: A logical framework for the world wide web},
  author={Berners-Lee, Tim and Connolly, Dan and Kagal, Lalana and Scharf, Yosi and Hendler, Jim},
  journal={Theory and Practice of Logic Programming},
  volume={8},
  number={3},
  pages={249--269},
  year={2008},
  publisher={Cambridge Univ Press}
}

@inproceedings{liu2011analyzing,
  title={{Analyzing Facebook privacy settings: User expectations vs. reality}},
  author={Liu, Yabing and Gummadi, Krishna P and Krishnamurthy, Balachander and Mislove, Alan},
  booktitle={Proceedings of the 2011 ACM SIGCOMM conference on Internet measurement conference},
  pages={61--70},
  year={2011},
  organization={ACM}
}

@article{madden2012privacy,
  title={Privacy management on social media sites},
  author={Madden, Mary},
  journal={Pew Internet Report},
  year={2012}
}

@article{dey2001understanding,
  title={Understanding and using context},
  author={Dey, A.K.},
  journal={Personal and ubiquitous computing},
  volume={5},
  number={1},
  pages={4--7},
  year={2001},
  publisher={Springer}
}


@article{edward1966hall,
  title={{The Hidden Dimension}},
  author={Hall, Edward T.},
  journal={NewYork: Anchor Books/Doubleday},
  volume={1982},
  pages={117--124},
  year={1966}
}

@techreport{activityschema2012,
  title={{Activity Base Schema}},
  author={James,M Snell and Martin Atkins and David Recordon and Chris Messina and Monica Keller and Ari Steinberg and Rob Dolin},
  year={2012},
  note={http://activitystrea.ms/specs/json/schema/activity-schema.html}
}

@article{jacobs2004architecture,
  title={Architecture of the world wide web},
  author={Jacobs, Ian and Walsh, Norman},
  year={2004},
  note={http://www.w3.org/TR/webarch/}
}

@techreport{ellison1999spki,
  title={{SPKI} certificate theory},
  author={Ellison, Carl and Frantz, Bill and Lampson, Butler and Rivest, Ron and Thomas, Brian and Ylonen, Tatu},
  year={1999},
  institution={IETF RFC 2693, September}
}

@article{crockford2006application,
  title={The application/json media type for javascript object notation (json)},
  author={Crockford, Douglas},
  year={2006},
  note={http://tools.ietf.org/html/rfc4627}
}

@article{haller1995s,
  title={The {S/KEY} one-time password system},
  author={Haller, Neil},
  year={1995},
  note={http://tools.ietf.org/html/rfc1760}
}

@techreport{haller1996one,
  title={A one-time password system},
  author={Haller, Neil and Metz, Craig and Nesser, Phil and Straw, Mike},
  year={1996},
  institution={RFC 1938, May}
}

@inproceedings{schnorr1990efficient,
  title={Efficient identification and signatures for smart cards},
  author={Schnorr, Claus-Peter},
  booktitle={Advances in Cryptology—Crypto’89 Proceedings},
  pages={239--252},
  year={1990},
  organization={Springer}
}

@article{snelick2005large,
  title={Large-scale evaluation of multimodal biometric authentication using state-of-the-art systems},
  author={Snelick, Robert and Uludag, Umut and Mink, Alan and Indovina, Mike and Jain, Anil},
  journal={Pattern Analysis and Machine Intelligence, IEEE Transactions},
  volume={27},
  number={3},
  pages={450--455},
  year={2005},
  publisher={IEEE}
}

@article{nielsen1999editing,
  title={Editing the web: Detecting the lost update problem using unreserved checkout},
  author={Nielsen, H and LaLiberte, Daniel},
  journal={World Wide Web Consortium NOTE NOTE-detect-lost-update},
  year={1999},
  note={http://www.w3.org/1999/04/Editing/}
}

@techreport{webid2013,
  title={{WebID Specification}},
  author={Sambra, Andrei Vlad and Story, Henry and Berners-Lee, T.},
  year={2013},
  note={https://dvcs.w3.org/hg/WebID/raw-file/tip/spec/identity-respec.html}
}

@techreport{webid-tls,
  title={{WebID-TLS Specification}},
  author={Inkster, T. and Story, H. and Harbulot, B. and Sambra, Andrei Vlad},
  year={2013},
  note={https://dvcs.w3.org/hg/WebID/raw-file/tip/spec/tls-respec.html}
}

@article{tramp2012extending,
  title={{Extending the WebID Protocol with Access Delegation}},
  author={Tramp, Sebastian and Story, Henry and Sambra, Andrei Vlad and Frischmuth, Philipp and Martin, Michael and Auer, S{\"o}ren and others},
  journal={Proceedings of the Third International Workshop on Consuming Linked Data (COLD2012)},
  year={2012}
}

@inproceedings{sambra2012context,
  title={{Context-Aware Decentralized Approach for Web Services}},
  author={Sambra, Andrei Vlad and Laurent, Maryline},
  booktitle={Services (SERVICES), 2012 IEEE Eighth World Congress},
  pages={73--79},
  year={2012},
  organization={IEEE}
}

@inproceedings{sambra2011friending,
  title={{Friending On The Social Web}},
  author={Sambra, Andrei Vlad and Story, Henry and others},
  booktitle={W3C's Federated Social Web},
  year={2011}
}

@article{sambra2011myprofile,
  title={{MyProfile-Decentralized User Profile and Identity on the Web}},
  author={Sambra, Andrei Vlad and Laurent, Maryline and others},
  journal={W3C's Federated Social Web (FSW2011)},
  year={2011}
}

@inproceedings{cheneau2011trustful,
  title={{A Trustful Authentication and Key Exchange Scheme (TAKES) for ad hoc networks}},
  author={Cheneau, Tony and Sambra, Andrei Vlad and Laurent, Maryline},
  booktitle={Network and System Security (NSS), 2011 5th International Conference},
  pages={249--253},
  year={2011},
  organization={IEEE}
}

@techreport{ldp2013,
  title={{Linked Data Platform 1.0}},
  author={Steve, Speicher and John, Arwe and Ashok, Malhotra},
  year={2013},
  note={http://www.w3.org/TR/ldp/}
}

@inproceedings{costabello2012shi3ld,
  title={SHI3LD: an access control framework for the mobile web of data},
  author={Costabello, Luca and Villata, Serena and Delaforge, Nicolas and Gandon, Fabien},
  booktitle={Proceedings of the 23rd ACM conference on Hypertext and social media},
  pages={311--312},
  year={2012},
  organization={ACM}
}

@inproceedings{carroll2005named,
  title={Named graphs, provenance and trust},
  author={Carroll, Jeremy J and Bizer, Christian and Hayes, Pat and Stickler, Patrick},
  booktitle={Proceedings of the 14th international conference on World Wide Web},
  pages={613--622},
  year={2005},
  organization={ACM}
}
